@article{blei2003latent,
  title={Latent dirichlet allocation},
  author={Blei, David M and Ng, Andrew Y and Jordan, Michael I},
  journal={Journal of machine Learning research},
  volume={3},
  number={Jan},
  pages={993--1022},
  year={2003}
}

@article{nallapati2016sequence,
  title={Sequence-to-sequence rnns for text summarization},
  author={Nallapati, Ramesh and Xiang, Bing and Zhou, Bowen},
  journal={arXiv preprint arXiv:1602.06023},
  year={2016}
}

@inproceedings{rehurek_lrec,
        title = {{Software Framework for Topic Modelling with Large Corpora}},
        author = {Radim Rehurek and Petr Sojka},
        booktitle = {{Proceedings of the LREC 2010 Workshop on New
             Challenges for NLP Frameworks}},
        pages = {45--50},
        year = 2010,
        month = May,
        day = 22,
        publisher = {ELRA},
        address = {Valletta, Malta},
        note={\url{http://is.muni.cz/publication/884893/en}},
        language={English}
}

@article{scikit-learn,
 title={Scikit-learn: Machine Learning in {P}ython},
 author={Pedregosa, F. and Varoquaux, G. and Gramfort, A. and Michel, V.
         and Thirion, B. and Grisel, O. and Blondel, M. and Prettenhofer, P.
         and Weiss, R. and Dubourg, V. and Vanderplas, J. and Passos, A. and
         Cournapeau, D. and Brucher, M. and Perrot, M. and Duchesnay, E.},
 journal={Journal of Machine Learning Research},
 volume={12},
 pages={2825--2830},
 year={2011}
}

@inproceedings{sklearn_api,
  author    = {Lars Buitinck and Gilles Louppe and Mathieu Blondel and
               Fabian Pedregosa and Andreas Mueller and Olivier Grisel and
               Vlad Niculae and Peter Prettenhofer and Alexandre Gramfort
               and Jaques Grobler and Robert Layton and Jake VanderPlas and
               Arnaud Joly and Brian Holt and Ga{\"{e}}l Varoquaux},
  title     = {{API} design for machine learning software: experiences from the scikit-learn
               project},
  booktitle = {ECML PKDD Workshop: Languages for Data Mining and Machine Learning},
  year      = {2013},
  pages = {108--122},
}

@book{bird2009natural,
  title={Natural language processing with Python},
  author={Bird, Steven and Klein, Ewan and Loper, Edward},
  year={2009},
  publisher={" O'Reilly Media, Inc."}
}

@article{aghila2010survey,
  title={A Survey of Na$\backslash$" ive Bayes Machine Learning approach in Text Document Classification},
  author={Aghila, G and others},
  journal={arXiv preprint arXiv:1003.1795},
  year={2010}
}

@inproceedings{joachims1998text,
  title={Text categorization with support vector machines: Learning with many relevant features},
  author={Joachims, Thorsten},
  booktitle={European conference on machine learning},
  pages={137--142},
  year={1998},
  organization={Springer}
}

@inproceedings{witschel2005using,
  title={Using decision trees and text mining techniques for extending taxonomies},
  author={Witschel, Hans Friedrich},
  organization={Citeseer}
}


@techreport{joachims1996probabilistic,
  title={A Probabilistic Analysis of the Rocchio Algorithm with TFIDF for Text Categorization.},
  author={Joachims, Thorsten},
  year={1996},
  institution={DTIC Document}
}